<record><leader>00000cas a22000007a 4500</leader><controlfield tag="001">20430572</controlfield><controlfield tag="008">891003d19291963mduwr ne      0    0eng d</controlfield><datafield ind1=" " ind2=" " tag="010"><subfield code="a">sn 89060144 </subfield></datafield><datafield ind1=" " ind2=" " tag="040"><subfield code="a">MFN</subfield><subfield code="b">eng</subfield><subfield code="c">MFN</subfield><subfield code="d">OCLCQ</subfield></datafield><datafield ind1=" " ind2=" " tag="042"><subfield code="a">msc</subfield></datafield><datafield ind1=" " ind2="4" tag="050"><subfield code="a">AN41.241.F4</subfield><subfield code="b">F4</subfield></datafield><datafield ind1="0" ind2=" " tag="130"><subfield code="a">Federalsburg times (Federalsburg, Md. : 1929)</subfield></datafield><datafield ind1="1" ind2="4" tag="245"><subfield code="a">The Federalsburg times.</subfield></datafield><datafield ind1=" " ind2=" " tag="260"><subfield code="a">Federalsburg, Md. :</subfield><subfield code="b">Times Pub. Co.</subfield></datafield><datafield ind1=" " ind2=" " tag="300"><subfield code="a">v.</subfield></datafield><datafield ind1=" " ind2=" " tag="310"><subfield code="a">Weekly</subfield></datafield><datafield ind1="1" ind2=" " tag="362"><subfield code="a">Began in 1929?</subfield></datafield><datafield ind1="0" ind2=" " tag="362"><subfield code="a">-v. 33, no. 28 (Jan. 30, 1963).</subfield></datafield><datafield ind1=" " ind2=" " tag="588"><subfield code="a">Description based on: Vol. 4, no. 37 (Apr. 7, 1933).</subfield></datafield><datafield ind1=" " ind2=" " tag="752"><subfield code="a">United States</subfield><subfield code="b">Maryland</subfield><subfield code="c">Caroline</subfield><subfield code="d">Federalsburg.</subfield></datafield><datafield ind1="0" ind2="0" tag="785"><subfield code="t">Times (Federalsburg, Md.)</subfield><subfield code="w">(DLC)sn 89060148</subfield></datafield><datafield ind1="1" ind2=" " tag="029"><subfield code="a">AU@</subfield><subfield code="b">000025847518</subfield></datafield></record>